@Book{Kochenderfer2015,
Title = {Decision Making Under Uncertainty: Theory and Application},
Author = {Mykel J. Kochenderfer},
Publisher = {MIT Press},
Year = {2015}
}

@InProceedings{Sunberg2018,
author = {Sunberg, Zachary N. and Kochenderfer, Mykel J.},
title = {Safety and efficiency in autonomous vehicles through planning with uncertainty},
booktitle = {PhD thesis},
year = {2018},
url = {https://zachary.sunberg.net/thesis.pdf},
}

@InProceedings{Volvo2018,
author = {Anders Nordmark and Oliver Sundell},
title = {Tactical Decision-Making for Highway Driving},
booktitle = {Volvo Trucks Master thesis},
year = {2018},
url = {http://publications.lib.chalmers.se/records/fulltext/256127/256127.pdf},
}


@article{DBLP:journals/corr/abs-1805-11833,
  author    = {Yuanfu Luo and
               Panpan Cai and
               Aniket Bera and
               David Hsu and
               Wee Sun Lee and
               Dinesh Manocha},
  title     = {Autonomous Driving among Many Pedestrians: Models and Algorithms},
  journal   = {CoRR},
  volume    = {abs/1805.11833},
  year      = {2018},
  url       = {http://arxiv.org/abs/1805.11833},
  archivePrefix = {arXiv},
  eprint    = {1805.11833},
  timestamp = {Mon, 13 Aug 2018 16:48:37 +0200},
  biburl    = {https://dblp.org/rec/bib/journals/corr/abs-1805-11833},
  bibsource = {dblp computer science bibliography, https://dblp.org}
}


