@Article{7490340,
author={B. Paden and M. Cap and S. Z. Yong and D. Yershov and E. Frazzoli},
journal={IEEE Transactions on Intelligent Vehicles},
title={A Survey of Motion Planning and Control Techniques for Self-Driving Urban Vehicles},
year={2016},
pages={33-55},
doi={10.1109/TIV.2016.2578706},
ISSN={2379-8904},
month={March},}

@InProceedings{Bouton2018uai,
author = {Maxime Bouton and Jesper Karlsson and Alireza Nakhaei and Kikuo Fujimura and Mykel J. Kochenderfer and Jana Tumova},
title = {Reinforcement learning with probabilistic guarantees for autonomous driving},
booktitle = {Workshop on Safety Risk and Uncertainty in Reinforcement Learning, },
year = {2018},
url = {https://drive.google.com/open?id=1d2tl4f6GQgH1SERveTmPAR42bMVwHZAZ},
}

@article{treiber,
author = {Treiber, Martin and Hennecke, Ansgar and Helbing, Dirk},
year = {2000},
month = {02},
pages = {1805-1824},
title = {Congested Traffic States in Empirical Observations and Microscopic Simulations},
volume = {62},
journal = {Physical Review E},
doi = {10.1103/PhysRevE.62.1805}
}



@incollection{NIPS2010_4031,
title = {Monte-Carlo Planning in Large POMDPs},
author = {Silver, David and Veness, Joel},
booktitle = {Advances in Neural Information Processing Systems 23},
editor = {J. D. Lafferty and C. K. I. Williams and J. Shawe-Taylor and R. S. Zemel and A. Culotta},
pages = {2164--2172},
year = {2010},
publisher = {Curran Associates, Inc.},
url = {http://papers.nips.cc/paper/4031-monte-carlo-planning-in-large-pomdps.pdf}
}

@Inproceedings{Luo2017ImportanceSF,
  title={Importance Sampling for Online Planning under Uncertainty},
  author={Yuanfu Luo and Haoyu Bai and David Hsu and Wee Sun Lee},
  year={2017}
}

@InProceedings{Sunberg2018,
author = {Sunberg, Zachary N. and Kochenderfer, Mykel J.},
title = {Online algorithms for {POMDP}s with continuous state, action, and observation spaces},
booktitle = icaps,
year = {2018},
url = {https://arxiv.org/abs/1709.06196},
}
@InProceedings{Bouton2017,
author = {Maxime Bouton and Akansel Cosgun and Mykel J. Kochenderfer},
title = {Belief state planning for autonomously navigating urban intersections},
booktitle = iv,
year = {2017},
doi = {10.1109/IVS.2017.7995818},
url = {https://arxiv.org/abs/1704.04322}
}
@Article{Egorov2017,
author = {Maxim Egorov and Zachary N. Sunberg and Edward Balaban and Tim A. Wheeler and Jayesh K. Gupta and Mykel J. Kochenderfer},
title = {{POMDPs.jl}: {A} framework for sequential decision making under uncertainty},
journal = jmlr,
year = {2017},
volume = {18},
number = {26},
pages = {1--5},
url = {http://jmlr.org/papers/v18/16-300.html},
}


@article{DBLP:journals/corr/abs-1805-11833,
  author    = {Yuanfu Luo and
               Panpan Cai and
               Aniket Bera and
               David Hsu and
               Wee Sun Lee and
               Dinesh Manocha},
  title     = {Autonomous Driving among Many Pedestrians: Models and Algorithms},
  journal   = {CoRR},
  volume    = {abs/1805.11833},
  year      = {2018},
  url       = {http://arxiv.org/abs/1805.11833},
  archivePrefix = {arXiv},
  eprint    = {1805.11833},
  timestamp = {Mon, 13 Aug 2018 16:48:37 +0200},
  biburl    = {https://dblp.org/rec/bib/journals/corr/abs-1805-11833},
  bibsource = {dblp computer science bibliography, https://dblp.org}
}

@inproceedings{Hoey:2005:SPC:1642293.1642505,
 author = {Hoey, Jesse and Poupart, Pascal},
 title = {Solving POMDPs with Continuous or Large Discrete Observation Spaces},
 booktitle = {Proceedings of the 19th International Joint Conference on Artificial Intelligence},
 series = {IJCAI'05},
 year = {2005},
 location = {Edinburgh, Scotland},
 pages = {1332--1338},
 numpages = {7},
 url = {http://dl.acm.org/citation.cfm?id=1642293.1642505},
 acmid = {1642505},
 publisher = {Morgan Kaufmann Publishers Inc.},
 address = {San Francisco, CA, USA},
} 

@Book{Kochenderfer2015,
Title = {Decision Making Under Uncertainty: Theory and Application},
Author = {Mykel J. Kochenderfer},
Publisher = {MIT Press},
Year = {2015}
}

@INBOOK{6301081,
author={Hugh Durrant-Whyte and Nicholas Roy and Pieter Abbeel},
booktitle={Robotics: Science and Systems VII},
title={Unmanned Aircraft Collision Avoidance Using Continuous-State POMDPs},




year={2012},
doi={},
isbn={9780262305969},
url={https://ieeexplore.ieee.org/document/6301081},}
